% This file was created with JabRef 2.8.1.
% Encoding: UTF8

@MANUAL{manuel,
  title = {Manuel d’exploitation et de maintenance},
  author = {ALSTOM},
  note = {Section 2 : Turbine à Gaz}
}

@MANUAL{micom,
  title = {Technical Guide},
  author = {ALSTOM},
  note = {MiCOM P120}
}

@MANUAL{analyseenergie,
  title = {Notice d'utilisation CA 8334},
  author = {Groupe Chauvin Arnoux},
  note = {Notice de fonctionnement}
}

@MISC{cpcwebsitefaq,
  author = {Site Web CPC},
  title = {Foire aux questions},
  howpublished = {\url{www.carthagepower.com.tn/faq.php}},
  note = {Mis en ligne le 24 novembre 1999, consulté le 14 août 2012}
}

@MISC{wiki1,
  author = {Wikipedia},
  title = {Maitnenance},
  howpublished = {\url{fr.wikipedia.org/wiki/Maintenance}},
  note = {Mis en ligne le 15 mai 2007, consulté le 10 août 2012}
}

@comment{jabref-meta: selector_review:}

@comment{jabref-meta: selector_publisher:}

@comment{jabref-meta: selector_author:}

@comment{jabref-meta: selector_journal:}

@comment{jabref-meta: selector_keywords:}

